<collection xmlns="http://www.loc.gov/MARC21/slim">
<record>
  <leader>00913nam0a22002411i 450 </leader>
  <controlfield tag="001">IT\ICCU\CNCE\016272</controlfield>
  <controlfield tag="005">20000721000000.0</controlfield>
  <datafield tag="100" ind1=" " ind2=" ">
    <subfield code="a">19970101f15201529    0itac0103    ba</subfield>
  </datafield>
  <datafield tag="101" ind1=" " ind2=" ">
    <subfield code="a">ITA</subfield>
  </datafield>
  <datafield tag="102" ind1=" " ind2=" ">
    <subfield code="a">IT</subfield>
  </datafield>
  <datafield tag="200" ind1="1" ind2=" ">
    <subfield code="a">Cosa noua. Predica de amore. Per Francisco de canti dito Rinaldo Mantuano</subfield>
  </datafield>
  <datafield tag="210" ind1=" " ind2=" ">
    <subfield code="a">In Roma</subfield>
    <subfield code="c">per Bertocho</subfield>
    <subfield code="d">\152.!</subfield>
  </datafield>
  <datafield tag="215" ind1=" " ind2=" ">
    <subfield code="a">\8! c.</subfield>
    <subfield code="d">4ʻ</subfield>
  </datafield>
  <datafield tag="300" ind1=" " ind2=" ">
    <subfield code="a">NON SIGLATA</subfield>
  </datafield>
  <datafield tag="620" ind1=" " ind2=" ">
    <subfield code="a">IT</subfield>
    <subfield code="d">Roma</subfield>
  </datafield>
  <datafield tag="700" ind1=" " ind2="1">
    <subfield code="a">De_Canti,</subfield>
    <subfield code="b">Francesco</subfield>
    <subfield code="3">IT\ICCU\CNCA\004654</subfield>
  </datafield>
  <datafield tag="712" ind1="0" ind2="2">
    <subfield code="a">Bertocco</subfield>
    <subfield code="3">IT\ICCU\CNCT\001680</subfield>
    <subfield code="4">650</subfield>
  </datafield>
  <datafield tag="790" ind1=" " ind2="1">
    <subfield code="a">Canti,</subfield>
    <subfield code="b">Francesco</subfield>
    <subfield code="3">IT\ICCU\CNCA\013110</subfield>
    <subfield code="z">De_Canti, Francesco</subfield>
  </datafield>
  <datafield tag="790" ind1=" " ind2="0">
    <subfield code="a">Rinaldo</subfield>
    <subfield code="c"> : Mantovano</subfield>
    <subfield code="3">IT\ICCU\CNCA\016395</subfield>
    <subfield code="z">De_Canti, Francesco</subfield>
  </datafield>
  <datafield tag="790" ind1=" " ind2="0">
    <subfield code="a">Raynaldo</subfield>
    <subfield code="c"> : Mantovano</subfield>
    <subfield code="3">IT\ICCU\CNCA\016396</subfield>
    <subfield code="z">De_Canti, Francesco</subfield>
  </datafield>
  <datafield tag="790" ind1=" " ind2="1">
    <subfield code="a">Canti,</subfield>
    <subfield code="b">Francesco : de</subfield>
    <subfield code="3">IT\ICCU\CNCA\018402</subfield>
    <subfield code="z">De_Canti, Francesco</subfield>
  </datafield>
  <datafield tag="791" ind1="0" ind2="2">
    <subfield code="a">Bertocho</subfield>
    <subfield code="3">IT\ICCU\CNCT\004362</subfield>
    <subfield code="z">Bertocco</subfield>
  </datafield>
  <datafield tag="801" ind1=" " ind2="3">
    <subfield code="a">IT</subfield>
    <subfield code="b">ICCU</subfield>
    <subfield code="c">20201114</subfield>
  </datafield>
</record>
</collection>
